<record><leader>00000cas a22000007a 4500</leader><controlfield tag="001">19040314</controlfield><controlfield tag="008">890119d19361951nduwr ne      0    0eng d</controlfield><datafield ind1=" " ind2=" " tag="010"><subfield code="a">sn 88076103 </subfield></datafield><datafield ind1=" " ind2=" " tag="040"><subfield code="a">NOP</subfield><subfield code="b">eng</subfield><subfield code="c">NOP</subfield><subfield code="d">OCLCQ</subfield></datafield><datafield ind1=" " ind2=" " tag="042"><subfield code="a">msc</subfield></datafield><datafield ind1="0" ind2="0" tag="245"><subfield code="a">Columbus reporter and a continuation of the Burke County independent.</subfield></datafield><datafield ind1=" " ind2=" " tag="260"><subfield code="a">Columbus, N.D. :</subfield><subfield code="b">Leo E. Mahoney</subfield></datafield><datafield ind1=" " ind2=" " tag="300"><subfield code="a">16 v. :</subfield><subfield code="b">ill.</subfield></datafield><datafield ind1=" " ind2=" " tag="310"><subfield code="a">Weekly</subfield></datafield><datafield ind1="0" ind2=" " tag="362"><subfield code="a">Vol. 30, no. 2 (May 28, 1936)-v. 46, no. 11 (July 12, 1951).</subfield></datafield><datafield ind1=" " ind2=" " tag="500"><subfield code="a">"Official newspaper of City of Columbus."</subfield></datafield><datafield ind1=" " ind2=" " tag="530"><subfield code="a">Available on microfilm from the State Historical Society of North Dakota.</subfield></datafield><datafield ind1=" " ind2=" " tag="752"><subfield code="a">United States</subfield><subfield code="b">North Dakota</subfield><subfield code="c">Burke</subfield><subfield code="d">Columbus.</subfield></datafield><datafield ind1="0" ind2="4" tag="780"><subfield code="t">Columbus reporter (Columbus, N.D. : 1906)</subfield><subfield code="w">(DLC)sn 88076102</subfield></datafield><datafield ind1="0" ind2="4" tag="780"><subfield code="t">Burke County independent</subfield><subfield code="w">(DLC)sn 88076101</subfield></datafield><datafield ind1="0" ind2="0" tag="785"><subfield code="t">Columbus reporter (Columbus, N.D. : 1951)</subfield><subfield code="w">(DLC)sn 88076104</subfield></datafield></record>